
@article{wickhamWelcomeTidyverse2019a,
	title = {Welcome to the {Tidyverse}},
	volume = {4},
	issn = {2475-9066},
	url = {https://joss.theoj.org/papers/10.21105/joss.01686},
	doi = {10.21105/joss.01686},
	number = {43},
	urldate = {2022-09-30},
	journal = {Journal of Open Source Software},
	author = {Wickham, Hadley and Averick, Mara and Bryan, Jennifer and Chang, Winston and McGowan, Lucy and François, Romain and Grolemund, Garrett and Hayes, Alex and Henry, Lionel and Hester, Jim and Kuhn, Max and Pedersen, Thomas and Miller, Evan and Bache, Stephan and Müller, Kirill and Ooms, Jeroen and Robinson, David and Seidel, Dana and Spinu, Vitalie and Takahashi, Kohske and Vaughan, Davis and Wilke, Claus and Woo, Kara and Yutani, Hiroaki},
	month = nov,
	year = {2019},
	pages = {1686},
	file = {Texto completo:C\:\\Users\\nextm\\Zotero\\storage\\PYTUTMNB\\Wickham et al. - 2019 - Welcome to the Tidyverse.pdf:application/pdf},
}

@article{grolemundDatesTimesMade2011,
	title = {Dates and {Times} {Made} {Easy} with \textbf{lubridate}},
	volume = {40},
	issn = {1548-7660},
	url = {http://www.jstatsoft.org/v40/i03/},
	doi = {10.18637/jss.v040.i03},
	language = {en},
	number = {3},
	urldate = {2022-09-30},
	journal = {Journal of Statistical Software},
	author = {Grolemund, Garrett and Wickham, Hadley},
	year = {2011},
	file = {Texto completo:C\:\\Users\\nextm\\Zotero\\storage\\AR3JUUFY\\Grolemund e Wickham - 2011 - Dates and Times Made Easy with lubridate.pdf:application/pdf},
}

@misc{danchoTidyquantTidyQuantitative2022,
	title = {tidyquant: {Tidy} {Quantitative} {Financial} {Analysis}},
	copyright = {MIT + file LICENSE},
	shorttitle = {tidyquant},
	url = {https://CRAN.R-project.org/package=tidyquant},
	abstract = {Bringing business and financial analysis to the 'tidyverse'. The 'tidyquant' package provides a convenient wrapper to various 'xts', 'zoo', 'quantmod', 'TTR' and 'PerformanceAnalytics' package functions and returns the objects in the tidy 'tibble' format. The main advantage is being able to use quantitative functions with the 'tidyverse' functions including 'purrr', 'dplyr', 'tidyr', 'ggplot2', 'lubridate', etc. See the 'tidyquant' website for more information, documentation and examples.},
	urldate = {2022-09-30},
	author = {Dancho, Matt and Vaughan, Davis},
	month = sep,
	year = {2022},
	keywords = {Finance},
}

@misc{vaughanTibbletimeTimeAware2020,
	title = {tibbletime: {Time} {Aware} {Tibbles}},
	copyright = {MIT + file LICENSE},
	shorttitle = {tibbletime},
	url = {https://CRAN.R-project.org/package=tibbletime},
	abstract = {Built on top of the 'tibble' package, 'tibbletime' is an extension that allows for the creation of time aware tibbles. Some immediate advantages of this include: the ability to perform time-based subsetting on tibbles, quickly summarising and aggregating results by time periods, and creating columns that can be used as 'dplyr' time-based groups.},
	urldate = {2022-09-30},
	author = {Vaughan, Davis and Dancho, Matt},
	month = jul,
	year = {2020},
}

@misc{ryanQuantmodQuantitativeFinancial2022,
	title = {quantmod: {Quantitative} {Financial} {Modelling} {Framework}},
	copyright = {GPL-3},
	shorttitle = {quantmod},
	url = {https://CRAN.R-project.org/package=quantmod},
	abstract = {Specify, build, trade, and analyse quantitative financial trading strategies.},
	urldate = {2022-09-30},
	author = {Ryan, Jeffrey A. and Ulrich, Joshua M. and Smith, Ethan B. and Thielen, Wouter and Teetor, Paul and Bronder, Steve},
	month = apr,
	year = {2022},
	keywords = {Finance},
}

@misc{petersonPerformanceAnalyticsEconometricTools2020,
	title = {{PerformanceAnalytics}: {Econometric} {Tools} for {Performance} and {Risk} {Analysis}},
	copyright = {GPL-2 {\textbar} GPL-3},
	shorttitle = {{PerformanceAnalytics}},
	url = {https://CRAN.R-project.org/package=PerformanceAnalytics},
	abstract = {Collection of econometric functions for performance and risk analysis. In addition to standard risk and performance metrics, this package aims to aid practitioners and researchers in utilizing the latest research in analysis of non-normal return streams. In general, it is most tested on return (rather than price) data on a regular scale, but most functions will work with irregular return data as well, and increasing numbers of functions will work with P\&L or price data where possible.},
	urldate = {2022-09-30},
	author = {Peterson, Brian G. and Carl, Peter and Boudt, Kris and Bennett, Ross and Ulrich, Joshua and Zivot, Eric and Cornilly, Dries and Hung, Eric and Lestel, Matthieu and Balkissoon, Kyle and Wuertz, Diethelm and Christidis, Anthony Alexander and Martin, R. Douglas and Zhou, Zeheng 'Zenith' and Shea, Justin M.},
	month = feb,
	year = {2020},
	keywords = {Finance},
}

@book{sievertInteractiveWebbasedData2022,
	title = {Interactive web-based data visualization with {R}, plotly, and shiny},
	url = {https://plotly-r.com/},
	abstract = {A useR guide to creating highly interactive graphics for exploratory and expository visualization.},
	urldate = {2022-09-30},
	author = {Sievert, Carson},
	year = {2022},
	file = {Snapshot:C\:\\Users\\nextm\\Zotero\\storage\\WMZTPVJ2\\plotly-r.com.html:text/html},
}

@misc{wickhamReadxlReadExcel2022,
	title = {readxl: {Read} {Excel} {Files}},
	copyright = {MIT + file LICENSE},
	shorttitle = {readxl},
	url = {https://CRAN.R-project.org/package=readxl},
	abstract = {Import excel files into R. Supports '.xls' via the embedded 'libxls' C library {\textless}https://github.com/libxls/libxls{\textgreater} and '.xlsx' via the embedded 'RapidXML' C++ library {\textless}http://rapidxml.sourceforge.net{\textgreater}. Works on Windows, Mac and Linux without external dependencies.},
	urldate = {2022-09-30},
	author = {Wickham, Hadley and Bryan, Jennifer and attribution), RStudio (Copyright holder of all R. code {and} all C/C++ code without explicit copyright and code), Marcin Kalicinski (Author of included RapidXML and code), Komarov Valery (Author of included libxls and code), Christophe Leitienne (Author of included libxls and code), Bob Colbert (Author of included libxls and code), David Hoerl (Author of included libxls and code), Evan Miller (Author of included libxls},
	month = aug,
	year = {2022},
}

@misc{YahooFinance2022,
	title = {Yahoo {Finance}},
	url = {https://finance.yahoo.com/},
	urldate = {2022-09-30},
	year = {2022},
	file = {Yahoo Finance - Stock Market Live, Quotes, Business & Finance News:C\:\\Users\\nextm\\Zotero\\storage\\THLNEUQ4\\finance.yahoo.com.html:text/html},
}

@misc{clubefiiClubeFIIMaior2020,
	title = {Clube {FII} - {O} maior site de {Fundos} {Imobiliários} do {Brasil}},
	url = {https://www.clubefii.com.br},
	abstract = {Os Fundos Imobiliários são a melhor forma de investir em imóveis. Aqui você encontra ferramentas, carteiras recomendadas, relatórios e tudo sobre esse mercado.},
	language = {pt-BR},
	urldate = {2022-09-30},
	journal = {ClubeFII},
	author = {ClubeFII},
	year = {2020},
	file = {Snapshot:C\:\\Users\\nextm\\Zotero\\storage\\CS5CYE8Q\\www.clubefii.com.br.html:text/html},
}

@misc{wickhamDplyrGrammarData2022,
	title = {dplyr: {A} {Grammar} of {Data} {Manipulation}},
	copyright = {MIT + file LICENSE},
	shorttitle = {dplyr},
	url = {https://CRAN.R-project.org/package=dplyr},
	abstract = {A fast, consistent tool for working with data frame like objects, both in memory and out of memory.},
	urldate = {2022-09-30},
	author = {Wickham, Hadley and François, Romain and Henry, Lionel and Müller, Kirill and RStudio},
	month = sep,
	year = {2022},
	keywords = {Databases, Epidemiology, ModelDeployment},
}

@misc{ryanXtsEXtensibleTime2020,
	title = {xts: {eXtensible} {Time} {Series}},
	copyright = {GPL-2 {\textbar} GPL-3 [expanded from: GPL (≥ 2)]},
	shorttitle = {xts},
	url = {https://CRAN.R-project.org/package=xts},
	abstract = {Provide for uniform handling of R's different time-based data classes by extending zoo, maximizing native format information preservation and allowing for user level customization and extension, while simplifying cross-class interoperability.},
	urldate = {2022-09-30},
	author = {Ryan, Jeffrey A. and Ulrich, Joshua M. and Bennett, Ross and Joy, Corwin},
	month = sep,
	year = {2020},
	keywords = {Finance, Econometrics, MissingData, SpatioTemporal, TimeSeries},
}

@misc{CodingFinance0000,
	title = {Coding {Finance}},
	shorttitle = {Portfolio {Optimization} in {R}},
	url = {https://www.codingfinance.com/post/2018-05-31-portfolio-opt-in-r/},
	language = {en},
	urldate = {2022-09-30},
	journal = {Portfolio Optimization in R},
	year = {0000},
	file = {Snapshot:C\:\\Users\\nextm\\Zotero\\storage\\Z8F8PXZE\\2018-05-31-portfolio-opt-in-r.html:text/html},
}

@misc{rcoreteamLanguageEnvironmentStatistical2022,
	title = {R: {A} {Language} and {Environment} for {Statistical} {Computing}},
	url = {https://www.r-project.org/},
	urldate = {2022-09-30},
	author = {R Core Team},
	year = {2022},
	file = {R\: The R Project for Statistical Computing:C\:\\Users\\nextm\\Zotero\\storage\\QLC7XFPC\\www.r-project.org.html:text/html},
}

@article{sharpeSharpeRatio1994,
	title = {The {Sharpe} {Ratio}},
	volume = {21},
	issn = {0095-4918, 2168-8656},
	url = {http://jpm.pm-research.com/lookup/doi/10.3905/jpm.1994.409501},
	doi = {10.3905/jpm.1994.409501},
	language = {en},
	number = {1},
	urldate = {2022-10-01},
	journal = {The Journal of Portfolio Management},
	author = {Sharpe, William F.},
	month = oct,
	year = {1994},
	pages = {49--58},
}

@misc{clubefii2020,
	title = {Clube FII - O maior site de Fundos Imobiliários do Brasil},
	author = {ClubeFII, },
	year = {2020},
	date = {2020},
	url = {https://www.clubefii.com.br},
	langid = {brazilian}
}

@article{sharpe1994,
	title = {The Sharpe Ratio},
	author = {Sharpe, William F.},
	year = {1994},
	month = {10},
	date = {1994-10-31},
	journal = {The Journal of Portfolio Management},
	pages = {49--58},
	volume = {21},
	number = {1},
	doi = {10.3905/jpm.1994.409501},
	url = {http://jpm.pm-research.com/lookup/doi/10.3905/jpm.1994.409501},
	langid = {en}
}

@book{wickham2016,
	title = {ggplot2: elegant graphics for data analysis},
	author = {Wickham, Hadley},
	year = {2016},
	date = {2016},
	publisher = {Springer Science+Business Media, LLC},
	address = {New York, NY}
}

@article{sharpe1964,
	title = {CAPITAL ASSET PRICES: A THEORY OF MARKET EQUILIBRIUM UNDER CONDITIONS OF RISK*},
	author = {Sharpe, William F.},
	year = {1964},
	month = {09},
	date = {1964-09},
	journal = {The Journal of Finance},
	pages = {425--442},
	volume = {19},
	number = {3},
	doi = {10.1111/j.1540-6261.1964.tb02865.x},
	url = {https://onlinelibrary.wiley.com/doi/10.1111/j.1540-6261.1964.tb02865.x},
	langid = {en}
}
